<record><leader>00000cas a22000007a 4500</leader><controlfield tag="001">17288356</controlfield><controlfield tag="008">871229d18931905iauwr ne      0    0eng d</controlfield><datafield ind1=" " ind2=" " tag="010"><subfield code="a">sn 87058566 </subfield></datafield><datafield ind1=" " ind2=" " tag="040"><subfield code="a">INP</subfield><subfield code="b">eng</subfield><subfield code="c">INP</subfield><subfield code="d">OCLCQ</subfield></datafield><datafield ind1=" " ind2=" " tag="042"><subfield code="a">msc</subfield></datafield><datafield ind1="0" ind2="0" tag="245"><subfield code="a">Buchanan County review.</subfield></datafield><datafield ind1="1" ind2="3" tag="246"><subfield code="a">Buchanan Co. weekly review</subfield></datafield><datafield ind1=" " ind2=" " tag="260"><subfield code="a">Winthrop, Iowa :</subfield><subfield code="b">Frank Vierth,</subfield><subfield code="c">1893-1905.</subfield></datafield><datafield ind1=" " ind2=" " tag="300"><subfield code="a">13 v.</subfield></datafield><datafield ind1=" " ind2=" " tag="310"><subfield code="a">Weekly</subfield></datafield><datafield ind1="0" ind2=" " tag="362"><subfield code="a">Vol. 2, no. 38 (May 25, 1893)-v. 14, no. 45 (Oct. 19, 1905).</subfield></datafield><datafield ind1=" " ind2=" " tag="500"><subfield code="a">Publisher varies.</subfield></datafield><datafield ind1=" " ind2=" " tag="752"><subfield code="a">United States</subfield><subfield code="b">Iowa</subfield><subfield code="c">Buchanan</subfield><subfield code="d">Winthrop.</subfield></datafield><datafield ind1="0" ind2="0" tag="780"><subfield code="t">Buchanan County weekly review</subfield><subfield code="w">(DLC)sn 87058565</subfield></datafield><datafield ind1="0" ind2="0" tag="785"><subfield code="t">Winthrop news (Winthrop, Iowa)</subfield><subfield code="w">(DLC)sn 87058551</subfield></datafield></record>